<?xml version="1.0" encoding="UTF-8"?><collection xmlns="http://www.loc.gov/MARC21/slim"><record><leader>00538nam--2200193-i-4500</leader><controlfield tag="001">000016585</controlfield><controlfield tag="002">20161230</controlfield><controlfield tag="005">20161230201031</controlfield><controlfield tag="008">060222s1000------------r-----000-0-rum-d</controlfield><datafield ind1=" " ind2=" " tag="040"><subfield code="a">IFIN-HH</subfield></datafield><datafield ind1=" " ind2=" " tag="041"><subfield code="a">rum</subfield></datafield><datafield ind1=" " ind2=" " tag="080"><subfield code="a">537.22.22:532.311.322(075.8)</subfield></datafield><datafield ind1="1" ind2=" " tag="100"><subfield code="a">Dima, Ion</subfield></datafield><datafield ind1="1" ind2="0" tag="245"><subfield code="a">Materiale si dispozitive semiconductoare</subfield><subfield code="c">Ion dima, ion munteanu</subfield></datafield><datafield ind1=" " ind2=" " tag="260"><subfield code="a">Bucuresti 1980</subfield><subfield code="b">Editura Didactica Si Pedagogica</subfield><subfield code="c">1980</subfield></datafield><datafield ind1=" " ind2=" " tag="300"><subfield code="a">239P</subfield></datafield><datafield ind1="1" ind2=" " tag="700"><subfield code="a">Munteanu, Ion</subfield></datafield><datafield ind1=" " ind2=" " tag="852"><subfield code="a">47928</subfield><subfield code="c">537.311.33</subfield></datafield><datafield ind1=" " ind2=" " tag="CAT"><subfield code="a">Sys</subfield><subfield code="c">20110726</subfield><subfield code="h">095350</subfield></datafield></record></collection>